<?xml version="1.0" encoding="utf-8"?>
<record xmlns="http://www.loc.gov/MARC21/slim" xmlns:xsi="http://www.w3.org/2001/XMLSchema-instance" xsi:schemaLocation="http://www.loc.gov/MARC21/slim http://www.loc.gov/standards/marcxml/schema/MARC21slim.xsd">
	<leader>     nam a22        4500</leader>
	<controlfield tag="001">b17587578</controlfield>
	<controlfield tag="003">LeBAU</controlfield>
	<controlfield tag="006">m        d        </controlfield>
	<controlfield tag="007">cr cn |||m|||a</controlfield>
	<controlfield tag="008">161025s1952    su acf  o     001 0 ara d</controlfield>
	<datafield ind1=" " ind2=" " tag="040">
		<subfield code="a">NNU</subfield>
		<subfield code="b">ara</subfield>
		<subfield code="e">rda</subfield>
		<subfield code="c">NNU</subfield>
	</datafield>
	<datafield ind1=" " ind2="4" tag="050">
		<subfield code="a">DS248.M5</subfield>
		<subfield code="b">M37 1952</subfield>
	</datafield>
	<datafield ind1="0" ind2="4" tag="082">
		<subfield code="a">953.8</subfield>
		<subfield code="2">23</subfield>
	</datafield>
	<datafield ind1="1" ind2=" " tag="100">
		<subfield code="6">880-01</subfield>
		<subfield code="a">Maṭarī, Muḥammad ibn Aḥmad,</subfield>
		<subfield code="d">1272-1340,</subfield>
		<subfield code="e">author.</subfield>
	</datafield>
	<datafield ind1="1" ind2="3" tag="245">
		<subfield code="6">880-02</subfield>
		<subfield code="a">al-Ta‘rīf bi-mā ānasat al-Hijrah min ma‘ālim Dār al-Hijrah /</subfield>
		<subfield code="c">taṣnīf al-Shaykh al-Imām al-‘Ālim al-Muḥaddith wa-jār Allāh wa-jār rasūlihi ṣallá Allāh ta‘ālá ‘aylhi wa-sallam Jamāl al-Dīn Abī ‘Abd Allāh Muḥammad ibn Aḥmad al-Maṭarī ; taḥqīq, qāma bi-taṣḥīḥihi wa-al-ta‘līq ‘alyhi faḍīlat al-Shaykh Muḥammad ibn ‘Abd al-Muḥsin al-Khayyāl, qāḍī al-musta‘jilah bi-al-Madīnah al-Munawarrah.</subfield>
	</datafield>
	<datafield ind1="1" ind2="4" tag="246">
		<subfield code="6">880-03</subfield>
		<subfield code="a">al-Ta‘rīf bi-mā ānasat dār al-Hijrah min ma‘ālim Dār al-Hijrah</subfield>
	</datafield>
	<datafield ind1=" " ind2="1" tag="264">
		<subfield code="6">880-04</subfield>
		<subfield code="a">[al-Riyāḍ] :</subfield>
		<subfield code="b">al-Sayyid As‘ad Drābzūnī,</subfield>
		<subfield code="c">1372 [H.], [1952? M.]</subfield>
	</datafield>
	<datafield ind1=" " ind2=" " tag="300">
		<subfield code="6">880-05</subfield>
		<subfield code="a">online resource (85 pages, 3 unnumbered leaves of plates) :</subfield>
		<subfield code="b">illustrations, portraits</subfield>
	</datafield>
	<datafield ind1=" " ind2=" " tag="336">
		<subfield code="a">text</subfield>
		<subfield code="2">rdacontent</subfield>
	</datafield>
	<datafield ind1=" " ind2=" " tag="337">
		<subfield code="a">computer</subfield>
		<subfield code="2">rdamedia</subfield>
	</datafield>
	<datafield ind1=" " ind2=" " tag="338">
		<subfield code="a">online resource</subfield>
		<subfield code="2">rdacarrier</subfield>
	</datafield>
	<datafield ind1=" " ind2=" " tag="500">
		<subfield code="a">Part of the Arabic Collections Online (ACO) project, contributed by American University of Beirut's Jafet Memorial Library.</subfield>
	</datafield>
	<datafield ind1=" " ind2=" " tag="533">
		<subfield code="a">Electronic reproduction.</subfield>
		<subfield code="b">New York, N.Y. :</subfield>
		<subfield code="c">New York University,</subfield>
		<subfield code="d">2016.</subfield>
		<subfield code="5">NNU</subfield>
	</datafield>
	<datafield ind1=" " ind2="0" tag="650">
		<subfield code="6">880-06</subfield>
		<subfield code="a">Muslim pilgrims and pilgrimages</subfield>
		<subfield code="z">Saudi Arabia</subfield>
		<subfield code="z">Medinah.</subfield>
	</datafield>
	<datafield ind1=" " ind2="0" tag="651">
		<subfield code="6">880-07</subfield>
		<subfield code="a">Medina (Saudi Arabia)</subfield>
		<subfield code="x">History.</subfield>
	</datafield>
	<datafield ind1="1" ind2=" " tag="700">
		<subfield code="6">880-08</subfield>
		<subfield code="a">Khayyāl, Muḥammad ibn ‘Abd al-Muḥsin,</subfield>
		<subfield code="e">corrector.</subfield>
	</datafield>
	<datafield ind1="1" ind2=" " tag="700">
		<subfield code="6">880-09</subfield>
		<subfield code="a">Khayyāl, Muḥammad ibn ‘Abd al-Muḥsin,</subfield>
		<subfield code="e">commentator for written text.</subfield>
	</datafield>
	<datafield ind1="2" ind2=" " tag="710">
		<subfield code="a">Jafet Memorial Library.</subfield>
	</datafield>
	<datafield ind1="0" ind2=" " tag="730">
		<subfield code="a">Arabic Collections Online.</subfield>
	</datafield>
	<datafield ind1="0" ind2="8" tag="776">
		<subfield code="i">Print version:</subfield>
		<subfield code="a">Maṭarī, Muḥammad ibn Aḥmad, 1272-1340, author.</subfield>
		<subfield code="t">al-Ta‘rīf bi-mā ānasat al-Hijrah min ma‘ālim Dār al-Hijrah</subfield>
		<subfield code="w">(LeBAU)b17587578</subfield>
	</datafield>
	<datafield ind1="4" ind2="0" tag="856">
		<subfield code="u">http://hdl.handle.net/2333.1/ns1rndmg</subfield>
	</datafield>
	<datafield ind1="1" ind2=" " tag="880">
		<subfield code="6">100-01/r</subfield>
		<subfield code="a">المطري، محمد بن احمد،</subfield>
		<subfield code="d">1272-1340،</subfield>
		<subfield code="e">author.</subfield>
	</datafield>
	<datafield ind1="1" ind2="2" tag="880">
		<subfield code="6">245-02/r</subfield>
		<subfield code="a">التعريف بما آنست الهجرة من معالم دار الهجرة /</subfield>
		<subfield code="c">تصنيف الشيخ الإمام العالم المحدث جار الله وجار رسوله صلّى الله تعالى عليه وسلم جمال الدين أبي عبد الله محمد بن أحمد المطري ؛ تحقيق، قام بتصحيحه والتعليق عليه فضيلة الشيخ محمد بن عبد المحسن الخيال، قاضي المستعجلة بالمدينة المنورة.</subfield>
	</datafield>
	<datafield ind1="1" ind2="4" tag="880">
		<subfield code="6">246-03/r</subfield>
		<subfield code="a">التعريف بما آنست دار الهجرة من معالم دار الهجرة</subfield>
	</datafield>
	<datafield ind1=" " ind2="1" tag="880">
		<subfield code="6">264-04/r</subfield>
		<subfield code="a">[الرياض] :</subfield>
		<subfield code="b">السيد أسعد درابزوني،</subfield>
		<subfield code="c">1372 [هـ.]، [1952؟ م.]</subfield>
	</datafield>
	<datafield ind1=" " ind2=" " tag="880">
		<subfield code="6">300-05/r</subfield>
		<subfield code="a">85 صفحة، 3 ورقات لوحات غير مرقمة :</subfield>
		<subfield code="b">مصورات، صور شخصانية ؛</subfield>
		<subfield code="c">24 سم</subfield>
	</datafield>
	<datafield ind1=" " ind2=" " tag="880">
		<subfield code="6">500-00/r</subfield>
		<subfield code="a">يتضمن كشاف.</subfield>
	</datafield>
	<datafield ind1=" " ind2=" " tag="880">
		<subfield code="6">541-00/r</subfield>
		<subfield code="a">هبة من مكتبة امين المميز.</subfield>
	</datafield>
	<datafield ind1=" " ind2="4" tag="880">
		<subfield code="6">650-06/r</subfield>
		<subfield code="a">الحجاج والحج الإسلامي</subfield>
		<subfield code="z">السعودية</subfield>
		<subfield code="z">المدينة المنورة.</subfield>
	</datafield>
	<datafield ind1=" " ind2="4" tag="880">
		<subfield code="6">651-07/r</subfield>
		<subfield code="a">المدينة المنورة (السعودية)</subfield>
		<subfield code="x">تاريخ</subfield>
	</datafield>
	<datafield ind1="1" ind2=" " tag="880">
		<subfield code="6">700-08/r</subfield>
		<subfield code="a">الخيال، محمد بن عبد المحسن،</subfield>
		<subfield code="e">مصحح.</subfield>
		<subfield code="4">crr.</subfield>
	</datafield>
	<datafield ind1="1" ind2=" " tag="880">
		<subfield code="6">700-09/r</subfield>
		<subfield code="a">الخيال، محمد بن عبد المحسن،</subfield>
		<subfield code="e">معلق على نص.</subfield>
		<subfield code="4">cwt.</subfield>
	</datafield>
	<datafield ind1="0" ind2=" " tag="880">
		<subfield code="6">787-00/r</subfield>
		<subfield code="a">Reprint.</subfield>
		<subfield code="t">التعريف بما آنست الهجرة من معالم دار الهجرة.</subfield>
		<subfield code="d">المدينة المنورة : المكتبة العلمية، 1982</subfield>
		<subfield code="w">b12679148</subfield>
		<subfield code="w">(OCoLC)784459392</subfield>
	</datafield>
	<datafield ind1="0" ind2=" " tag="880">
		<subfield code="6">787-00/r</subfield>
		<subfield code="i">إعادة إصدار.</subfield>
		<subfield code="t">al-Ta‘rīf bi-mā ānasat al-Hijrah min ma‘ālim Dār al-Hijrah.</subfield>
		<subfield code="d">al-Madīnah al-Munawwarah : al-Maktabah al-‘Ilmīyah, 1982</subfield>
		<subfield code="w">(OCoLC)784459392</subfield>
		<subfield code="w">(OCoLC)784459392</subfield>
		<subfield code="a">Reprint.</subfield>
	</datafield>
	<datafield ind1=" " ind2=" " tag="959">
		<subfield code="a">NNU</subfield>
		<subfield code="b">WEB</subfield>
		<subfield code="c">GENI</subfield>
		<subfield code="t">0</subfield>
		<subfield code="m">Electronic access</subfield>
		<subfield code="s">01</subfield>
	</datafield>
	<datafield ind1=" " ind2=" " tag="999">
		<subfield code="i">LeBAU_b17587578</subfield>
		<subfield code="s">aub_aco000128</subfield>
		<subfield code="e">(ERROR-MISC)</subfield>
		<subfield code="s">aub_aco000128</subfield>
	</datafield>
</record>
